@inproceedings{posetalgo,
 author = {Ono, Akimitsu and Nakano, Shin-ichi},
 title = {Constant Time Generation of Linear Extensions},
 booktitle = {Proceedings of the 15th International Conference on Fundamentals of Computation Theory},
 series = {FCT'05},
 year = {2005},
 isbn = {3-540-28193-2, 978-3-540-28193-1},
 location = {L\&\#252;beck, Germany},
 pages = {445--453},
 numpages = {9},
 url = {http://dx.doi.org/10.1007/11537311_39},
 doi = {10.1007/11537311_39},
 acmid = {2153509},
 publisher = {Springer-Verlag},
 address = {Berlin, Heidelberg},
} 